
@misc{ply,
  author = {David Beazley},
  url    = {https://pypi.org/project/ply/},
  title  = {PyPI ply},
  year   = {2023-01-28}
}


